@online{memory-encryption,
    author = {David Kaplan, Jeremy Powell, Tom Woller},
    title = {AMD Memory Encryption},
    publisher = {Advanced Micro Devices Inc},
    year = 2021,
    url = {https://www.amd.com/system/files/TechDocs/memory-encryption-white-paper.pdf},
    urldate = {2023-07-07}
}
@online{protecting-registers,
    author = {David Kaplan},
    title = {Protecting VM Register State with SEV-ES},
    publisher = {Advanced Micro Devices Inc},
    year = 2017,
    url = {https://www.amd.com/system/files/TechDocs/Protecting%20VM%20Register%20State%20with%20SEV-ES.pdf},
    urldate = {2023-07-07}
}
@online{sev-snp,
    author = {Advanced Micro Devices Inc},
    title = {AMD SEV-SNP: Strengthening VM Isolation with Integrity Protection and More},
    publisher = {Advanced Micro Devices Inc},
    year = 2020,
    url = {https://www.amd.com/system/files/TechDocs/SEV-SNP-strengthening-vm-isolation-with-integrity-protection-and-more.pdf},
    urldate = {2023-07-07}
}
