@misc{phoronix,
    author = {Phoronix Media},
    title = "{Phoronix Test Suite - Linux Testing \& Benchmarking Platform, Automated Testing, Open-Source Benchmarking}",
    howpublished = {\url{https://www.phoronix-test-suite.com/}},
    note = {Accessed: 2023-04-01},
}

@misc{ramspeed,
    title = "{RAMspeed SMP Benchmark - OpenBenchmarking.org}",
    howpublished = {\url{https://openbenchmarking.org/test/pts/ramspeed}},
    note = {Accessed: 2023-04-01},
}

@misc{tinymembench,
    title = "{Tinymembench Benchmark - OpenBenchmarking.org}",
    howpublished = {\url{https://openbenchmarking.org/test/pts/tinymembench}},
    note = {Accessed: 2023-04-01},
}

@misc{mbw,
    title = "{MBW Benchmark - OpenBenchmarking.org}",
    howpublished = {\url{https://openbenchmarking.org/test/pts/mbw}},
    note = {Accessed: 2023-04-01},
}

@misc{stream,
    title = "{Stream Benchmark - OpenBenchmarking.org}",
    howpublished = {\url{https://openbenchmarking.org/test/pts/stream}},
    note = {Accessed: 2023-04-01},
}

@misc{compilation,
    title = "{Timed Code Compilation Benchmark - OpenBenchmarking.org}",
    howpublished = {\url{https://openbenchmarking.org/suite/pts/compilation}},
    note = {Accessed: 2023-04-01},
}

@misc{lz4,
    title = "{LZ4 Compression Benchmark - OpenBenchmarking.org}",
    howpublished = {\url{https://openbenchmarking.org/test/pts/compress-lz4}},
    note = {Accessed: 2023-04-01},
}

@misc{sqlite_bench,
    title = "{SQLite Benchmark - OpenBenchmarking.org}",
    howpublished = {\url{https://openbenchmarking.org/test/pts/sqlite}},
    note = {Accessed: 2023-04-01},
}

